<?xml version="1.0" encoding="UTF-8"?>
<record xmlns="http://www.loc.gov/MARC21/slim" xmlns:xsi="http://www.w3.org/2001/XMLSchema-instance" xsi:schemaLocation="http://www.loc.gov/MARC21/slim http://www.loc.gov/standards/marcxml/schema/MARC21slim.xsd">
<leader>00000cam a22      i 4500</leader>
<controlfield tag="001">001685257</controlfield>
<controlfield tag="003">NNU</controlfield>
<controlfield tag="005">20160229173253.0</controlfield>
<controlfield tag="008">820908s1965    le       b    000 0 ara</controlfield>
<datafield tag="010" ind1=" " ind2=" ">
<subfield code="a">ne 66000443</subfield>
</datafield>
<datafield tag="025" ind1=" " ind2=" ">
<subfield code="a">PL480: UAR-7412</subfield>
</datafield>
<datafield tag="035" ind1=" " ind2=" ">
<subfield code="a">(OCoLC)8752392</subfield>
</datafield>
<datafield tag="040" ind1=" " ind2=" ">
<subfield code="a">DLC</subfield>
<subfield code="b">eng</subfield>
<subfield code="c">SOI</subfield>
<subfield code="d">DLC</subfield>
<subfield code="d">OCLCF</subfield>
<subfield code="d">OCLCO</subfield>
<subfield code="d">OCLCQ</subfield>
</datafield>
<datafield tag="050" ind1="0" ind2="0">
<subfield code="a">PJ25</subfield>
<subfield code="b">.A6 1965</subfield>
</datafield>
<datafield tag="082" ind1="0" ind2="4">
<subfield code="a">300.16</subfield>
<subfield code="b">N253</subfield>
</datafield>
<datafield tag="245" ind1="0" ind2="0">
<subfield code="6">880-01</subfield>
<subfield code="a">Nashāt al-Àrab fī al-ùlūm al-ijtimāì̄yah fī mi'at sanah,</subfield>
<subfield code="c">bi-qalam Amīn al-H̥āfiz̥ [wa-Ākharīn].</subfield>
</datafield>
<datafield tag="260" ind1=" " ind2=" ">
<subfield code="6">880-02</subfield>
<subfield code="a">Beirut :</subfield>
<subfield code="b">Hayʼat al-Dirāsāt al-ʻArabīyah fī al-Jāmiʻah al-Amīrkīyah,</subfield>
<subfield code="c">1965.</subfield>
</datafield>
<datafield tag="300" ind1=" " ind2=" ">
<subfield code="a">795 pages ;</subfield>
<subfield code="c">24 cm.</subfield>
</datafield>
<datafield tag="336" ind1=" " ind2=" ">
<subfield code="a">text</subfield>
<subfield code="b">txt</subfield>
<subfield code="2">rdacontent</subfield>
</datafield>
<datafield tag="337" ind1=" " ind2=" ">
<subfield code="a">unmediated</subfield>
<subfield code="b">n</subfield>
<subfield code="2">rdamedia</subfield>
</datafield>
<datafield tag="338" ind1=" " ind2=" ">
<subfield code="a">volume</subfield>
<subfield code="b">nc</subfield>
<subfield code="2">rdacarrier</subfield>
</datafield>
<datafield tag="490" ind1="1" ind2=" ">
<subfield code="6">880-03</subfield>
<subfield code="a">Jāma-ah Beirut al-àmīrkīah. Manshurāt kolīah al-ùlūm val-àdāb. Sel-sīlah al-ùlūm al-s̀harghīah ;</subfield>
<subfield code="v">hālghah 43</subfield>
</datafield>
<datafield tag="500" ind1=" " ind2=" ">
<subfield code="a">Title transliterated: Nashāt̥ al-Àrab fī al-ùlūm al-ijtimāì̄yah fī mi'at sanah.</subfield>
</datafield>
<datafield tag="650" ind1=" " ind2="0">
<subfield code="a">Social sciences</subfield>
<subfield code="v">Bibliography.</subfield>
</datafield>
<datafield tag="650" ind1=" " ind2="7">
<subfield code="a">Social sciences.</subfield>
<subfield code="2">fast</subfield>
<subfield code="0">(OCoLC)fst01122877</subfield>
</datafield>
<datafield tag="655" ind1=" " ind2="7">
<subfield code="a">Bibliography.</subfield>
<subfield code="2">fast</subfield>
<subfield code="0">(OCoLC)fst01423717</subfield>
</datafield>
<datafield tag="700" ind1="1" ind2=" ">
<subfield code="6">880-04</subfield>
<subfield code="a">Ḥāfiẓ, Amīn.</subfield>
</datafield>
<datafield tag="710" ind1="2" ind2=" ">
<subfield code="a">American University of Beirut.</subfield>
<subfield code="b">Faculty of Arts and Sciences.</subfield>
</datafield>
<datafield tag="776" ind1="0" ind2="8">
<subfield code="i">Online version:</subfield>
<subfield code="t">Nashāt al-Àrab fī al-ùlūm al-ijtimāì̄yah fī mi'at sanah.</subfield>
<subfield code="d">Beirut, Ashrafat Ali īkhrajah hiāt al-dīrasāt al-ārabīah fī al-jāma-ah al-àmīrkīah, 1965</subfield>
<subfield code="w">(OCoLC)579924769</subfield>
</datafield>
<datafield tag="880" ind1="0" ind2="0">
<subfield code="6">245-01/</subfield>
<subfield code="a">نشاط العرب في العلوم الاجتماعية في مئة سنة /</subfield>
<subfield code="c">بقلم أمين الحافظ ... [وآخرين] ؛ أشرف على إخراجه هيئة الدراسات العربية في الجامعة الأميركية.</subfield>
</datafield>
<datafield tag="880" ind1=" " ind2=" ">
<subfield code="6">260-02/</subfield>
<subfield code="a">بيروت :</subfield>
<subfield code="b">هيئة الدراسات العربية في الجامعة الأميركية،</subfield>
<subfield code="c">1965.</subfield>
</datafield>
<datafield tag="880" ind1="1" ind2=" ">
<subfield code="6">490-03/</subfield>
<subfield code="a">جامعة بيروت الأميركية. منشورات كلية العلوم والآداب. سلسلة العلوم الشرقية ؛</subfield>
<subfield code="v">حلقة 43</subfield>
</datafield>
<datafield tag="880" ind1="1" ind2=" ">
<subfield code="6">700-04/</subfield>
<subfield code="a">حافظ، أمين.</subfield>
</datafield>
<datafield tag="810" ind1="2" ind2=" ">
<subfield code="a">American University of Beirut.</subfield>
<subfield code="b">Faculty of Arts and Sciences.</subfield>
<subfield code="t">Publications.</subfield>
<subfield code="p">Oriental series ;</subfield>
<subfield code="v">no. 43.</subfield>
</datafield>
<datafield tag="OWN" ind1=" " ind2=" ">
<subfield code="a">GENERAL</subfield>
</datafield>
<datafield tag="AVA" ind1=" " ind2=" ">
<subfield code="a">NYU50</subfield>
<subfield code="b">BOBST</subfield>
<subfield code="c">Main Collection</subfield>
<subfield code="d">PJ25 .A6 no.43</subfield>
<subfield code="e">unavailable</subfield>
<subfield code="t">Unavailable</subfield>
<subfield code="f">1</subfield>
<subfield code="g">1</subfield>
<subfield code="h">N</subfield>
<subfield code="i">0</subfield>
<subfield code="j">MAIN</subfield>
<subfield code="k">0</subfield>
</datafield>
</record>
